%% This BibTeX bibliography file was created using BibDesk.
%% http://bibdesk.sourceforge.net/

%% Created for Riley Brady at 2017-06-07 12:48:19 -0600 


%% Saved with string encoding Unicode (UTF-8) 



@article{Hauri:2009,
	Author = {Hauri, Claudine and Gruber, Nicolas and Plattner, Gian-Kasper and Alin, Simone and Feely, Richard A and Hales, Burke and Wheeler, Patricia A},
	Date-Added = {2017-06-07 18:48:12 +0000},
	Date-Modified = {2017-06-07 18:48:17 +0000},
	Journal = {Oceanography},
	Number = {4},
	Pages = {60--71},
	Publisher = {JSTOR},
	Title = {Ocean acidification in the California current system},
	Volume = {22},
	Year = {2009}}

@article{Feely:2008,
	Author = {Feely, Richard A and Sabine, Christopher L and Hernandez-Ayon, J Martin and Ianson, Debby and Hales, Burke},
	Date-Added = {2017-06-07 18:46:50 +0000},
	Date-Modified = {2017-06-07 18:47:01 +0000},
	Journal = {science},
	Number = {5882},
	Pages = {1490--1492},
	Publisher = {American Association for the Advancement of Science},
	Title = {Evidence for upwelling of corrosive" acidified" water onto the continental shelf},
	Volume = {320},
	Year = {2008}}

@article{Hauri:2013,
	Author = {Hauri, Claudine and Gruber, Nicolas and Vogt, Meike and Doney, Scott C and Feely, Richard A and Lachkar, Z and Leinweber, A and McDonnell, Andrew MP and Munnich, M and Plattner, G-K},
	Date-Added = {2017-06-07 18:43:38 +0000},
	Date-Modified = {2017-06-07 18:43:56 +0000},
	Journal = {Biogeosciences},
	Number = {1},
	Pages = {193--216},
	Publisher = {Copernicus GmbH},
	Title = {Spatiotemporal variability and long-term trends of ocean acidification in the California Current System},
	Volume = {10},
	Year = {2013}}

@article{Gruber:2012,
	Author = {Gruber, Nicolas and Hauri, Claudine and Lachkar, Zouhair and Loher, Damian and Fr{\"o}licher, Thomas L and Plattner, Gian-Kasper},
	Date-Added = {2017-06-07 18:43:38 +0000},
	Date-Modified = {2017-06-07 18:43:50 +0000},
	Journal = {Science},
	Number = {6091},
	Pages = {220--223},
	Publisher = {American Association for the Advancement of Science},
	Title = {Rapid progression of ocean acidification in the California Current System},
	Volume = {337},
	Year = {2012}}

@article{Turi:2014,
	Author = {Turi, G. and Lachkar, Z. and Gruber, N.},
	Date-Added = {2017-06-07 18:36:48 +0000},
	Date-Modified = {2017-06-07 18:37:02 +0000},
	Doi = {10.5194/bg-11-671-2014},
	Journal = {Biogeosciences},
	Number = {3},
	Pages = {671--690},
	Title = {Spatiotemporal variability and drivers of pCO$_{2}$ and air--sea CO$_{2}$ fluxes in the California Current System: an eddy-resolving modeling study},
	Url = {http://www.biogeosciences.net/11/671/2014/},
	Volume = {11},
	Year = {2014},
	Bdsk-Url-1 = {http://www.biogeosciences.net/11/671/2014/},
	Bdsk-Url-2 = {http://dx.doi.org/10.5194/bg-11-671-2014}}

@article{Chavez:2009,
	Author = {Chavez, Francisco P and Messi{\'e}, Monique},
	Date-Added = {2017-06-07 18:21:07 +0000},
	Date-Modified = {2017-06-07 18:21:13 +0000},
	Journal = {Progress in Oceanography},
	Number = {1},
	Pages = {80--96},
	Publisher = {Elsevier},
	Title = {A comparison of eastern boundary upwelling ecosystems},
	Volume = {83},
	Year = {2009}}
